
@article{rocha_sindrome_2024,
	title = {Síndrome pós-{COVID}-19 entre hospitalizados por {COVID}-19: estudo de coorte após 6 e 12 meses da alta hospitalar},
	volume = {40},
	issn = {0102-311X, 1678-4464},
	url = {https://www.scielo.br/j/csp/a/zhmLzYby56mjgxdnXYbC7dc/?lang=pt},
	doi = {https://doi.org/10.1590/0102-311XPT027423},
	shorttitle = {Síndrome pós-{COVID}-19 entre hospitalizados por {COVID}-19},
	abstract = {A síndrome pós-{COVID}-19 é um termo usado para descrever um conjunto diversificado de sintomas que persistem por mais de 12 semanas da infecção diagnosticada. O objetivo deste estudo foi analisar a síndrome pós-{COVID}-19 entre hospitalizados por {COVID}-19 após 6 e 12 meses da alta hospitalar. Trata-se de estudo de coorte ambidirecional, realizado com indivíduos que receberam alta em três dos principais hospitais da capital de Mato Grosso, Brasil, entre outubro e dezembro de 2021 e janeiro e março de 2022. Após coleta de dados em prontuários, os indivíduos foram entrevistados por telefone após 6 e 12 meses da alta hospitalar, sendo questionados sobre a presença de sintomas persistentes ou novos, para a avaliação de sua frequência segundo características sociodemográficas, econômicas, relativas à internação e condições de saúde. Dos 277 prontuários avaliados, 259 pacientes foram elegíveis para o estudo, 190 aos seis meses e 160 após 12 meses da alta hospitalar. Aos seis meses, 59\% eram mulheres, 40\% com 60 anos ou mais de idade e 87,4\% referiram a presença de pelo menos um sintoma. Aos 12 meses, 58,7\% eram mulheres, 37,5\% com 30 a 49 anos e 67,5\% referiram a presença de pelo menos um sintoma. A fadiga foi o sintoma mais comum após 6 e 12 meses de alta hospitalar (55,3\% e 40,6\%, respectivamente), seguido de problemas de memória (36,8\%; 20\%) e perda de cabelo (26,8\%; 11,2\%). Foi maior a prevalência de síndrome pós-{COVID}-19 entre indivíduos de maior faixa etária, menor renda, hipertensos, diabéticos e com maior gravidade durante a internação. Os fatores de risco da síndrome pós-{COVID}-19 contribuem para a compreensão dos efeitos a longo prazo e da importância do acompanhamento após a fase aguda da doença.},
	pages = {e00027423},
	journaltitle = {Cadernos de Saúde Pública},
	shortjournal = {Cad. Saúde Pública},
	author = {Rocha, Roseany Patricia Silva and Andrade, Amanda Cristina de Souza and Melanda, Francine Nesello and Muraro, Ana Paula},
	urldate = {2025-09-03},
	date = {2024},
	langid = {portuguese},
	note = {Publisher: Escola Nacional de Saúde Pública Sergio Arouca, Fundação Oswaldo Cruz},
	keywords = {{COVID}-19, Hospitais, Síndrome Pós-{COVID}-19 Aguda},
	file = {Full Text PDF:/home/minze/Zotero/storage/PQ3G8NL4/Rocha et al. - 2024 - Síndrome pós-COVID-19 entre hospitalizados por COVID-19 estudo de coorte após 6 e 12 meses da alta.pdf:application/pdf},
}
